@article{aslinWhatLook2007,
  title={What's in a look?},
  author={Aslin, Richard N.},
  journal={Developmental science},
  volume={10},
  number={1},
  pages={48--53},
  year={2007},
  doi = {10.1111/j.1467-7687.2007.00563.x},
  publisher={Wiley Online Library}
}

@online{bangTimeTalkMultiple2022,
  title = {Time to Talk: {{Multiple}} Sources of Variability in Caregiver Verbal Engagement during Everyday Activities in {{English-}} and {{Spanish-speaking}} Families in the {{U}}.{{S}}},
  shorttitle = {Time to Talk},
  author = {Bang, Janet Y. and Mora, Arlyn and Munévar, Mónica and Fernald, Anne and Marchman, Virginia A.},
  date = {2022-09-29T05:45:09},
  doi = {10.31234/osf.io/6jzwg},
  langid = {american},
  pubstate = {preprint},
  keywords = {Developmental Psychology,Early Childhood,Social and Behavioral Sciences},
  file = {/Users/alvintan/Zotero/storage/42VSEPGK/Bang et al. - 2022 - Time to talk Multiple sources of variability in c.pdf}
}

@article{bergelsonDayDayHour2019,
  title = {Day by Day, Hour by Hour: {{Naturalistic}} Language Input to Infants},
  shorttitle = {Day by Day, Hour by Hour},
  author = {Bergelson, Elika and Amatuni, Andrei and Dailey, Shannon and Koorathota, Sharath and Tor, Shaelise},
  date = {2019},
  journaltitle = {Developmental Science},
  volume = {22},
  number = {1},
  pages = {e12715},
  issn = {1467-7687},
  doi = {10.1111/desc.12715},
  langid = {english},
  file = {/Users/alvintan/Zotero/storage/PT2AIT9N/Bergelson et al. - 2019 - Day by day, hour by hour Naturalistic language in.pdf;/Users/alvintan/Zotero/storage/3I6MFVFE/desc.html}
}

@article{bergmannPromotingReplicabilityDevelopmental2018,
  title = {Promoting {{Replicability}} in {{Developmental Research Through Meta-analyses}}: {{Insights From Language Acquisition Research}}},
  shorttitle = {Promoting {{Replicability}} in {{Developmental Research Through Meta-analyses}}},
  author = {Bergmann, Christina and Tsuji, Sho and Piccinini, Page E. and Lewis, Molly L. and Braginsky, Mika and Frank, Michael C. and Cristia, Alejandrina},
  date = {2018},
  journaltitle = {Child Development},
  volume = {89},
  number = {6},
  pages = {1996--2009},
  issn = {1467-8624},
  doi = {10.1111/cdev.13079},
  langid = {english},
  keywords = {Child Language,{Child, Preschool},{Fixation, Ocular},Humans,Infant,Language Development,Meta-Analysis as Topic,Research Design,Sample Size},
  file = {/Users/alvintan/Zotero/storage/3XC4KIA9/Bergmann et al. - 2018 - Promoting Replicability in Developmental Research .pdf;/Users/alvintan/Zotero/storage/IXBPRFTQ/Bergmann et al. - 2018 - Promoting Replicability in Developmental Research .pdf;/Users/alvintan/Zotero/storage/YCB354WE/cdev.html}
}

@article{blakeyDifferentExecutiveFunctions2016,
  title = {Different {{Executive Functions Support Different Kinds}} of {{Cognitive Flexibility}}: {{Evidence From}} 2-, 3-, and 4-{{Year-Olds}}},
  shorttitle = {Different {{Executive Functions Support Different Kinds}} of {{Cognitive Flexibility}}},
  author = {Blakey, Emma and Visser, Ingmar and Carroll, Daniel J.},
  date = {2016},
  journaltitle = {Child Development},
  volume = {87},
  number = {2},
  pages = {513--526},
  issn = {1467-8624},
  doi = {10.1111/cdev.12468},
  langid = {english},
  file = {/Users/alvintan/Zotero/storage/Z4BSWDCM/Blakey et al. - 2016 - Different Executive Functions Support Different Ki.pdf;/Users/alvintan/Zotero/storage/Q7MTLF5G/cdev.html}
}

@article{boorenObservationsChildrenInteractions2012,
  title = {Observations of {{Children}}’s {{Interactions}} with {{Teachers}}, {{Peers}}, and {{Tasks}} across {{Preschool Classroom Activity Settings}}},
  author = {Booren, Leslie M. and Downer, Jason T. and Vitiello, Virginia E.},
  date = {2012-07},
  journaltitle = {Early education and development},
  shortjournal = {Early Educ Dev},
  volume = {23},
  number = {4},
  eprint = {25717282},
  eprinttype = {pmid},
  pages = {517--538},
  issn = {1040-9289},
  doi = {10.1080/10409289.2010.548767},
  pmcid = {PMC4337404},
  file = {/Users/alvintan/Zotero/storage/S8KMD3M7/Booren et al. - 2012 - Observations of Children’s Interactions with Teach.pdf}
}

@article{boudreauNovelWorkingMemory2018,
  title = {A Novel Working Memory Task for Preschoolers: Sensitivity to Age Differences from 3-5 Years},
  shorttitle = {A Novel Working Memory Task for Preschoolers},
  author = {Boudreau, Ainsley M. and Dempsey, Erin E. and Smith, Isabel M. and Garon, Nancy},
  date = {2018-08-18},
  journaltitle = {Child Neuropsychology},
  volume = {24},
  number = {6},
  eprint = {28562173},
  eprinttype = {pmid},
  pages = {799--822},
  publisher = {{Routledge}},
  issn = {0929-7049},
  doi = {10.1080/09297049.2017.1333592},
  keywords = {Executive functions,preschoolers,retrieval,substitution,transformation,working memory}
}

@article{camilliMetaAnalysisEffectsEarly2010,
  title = {Meta-{{Analysis}} of the {{Effects}} of {{Early Education Interventions}} on {{Cognitive}} and {{Social Development}}},
  author = {Camilli, Gregory and Vargas, Sadako and Ryan, Sharon and Barnett, W. Steven},
  date = {2010-03-01},
  journaltitle = {Teachers College Record},
  volume = {112},
  number = {3},
  pages = {579--620},
  publisher = {{SAGE Publications}},
  issn = {0161-4681},
  doi = {10.1177/016146811011200303},
  langid = {english},
  file = {/Users/alvintan/Zotero/storage/ZMZRE74R/Camilli et al. - 2010 - Meta-Analysis of the Effects of Early Education In.pdf}
}

@article{casillasLearningLanguageVivo2023,
  title = {Learning Language in Vivo},
  author = {Casillas, Marisa},
  date = {2023},
  journaltitle = {Child Development Perspectives},
  volume = {17},
  number = {1},
  pages = {10--17},
  issn = {1750-8606},
  doi = {10.1111/cdep.12469},
  langid = {english},
  keywords = {activity,culture,daylong recordings,input,language development,LENA},
  file = {/Users/alvintan/Zotero/storage/VHKNYITW/Casillas - 2023 - Learning language in vivo.pdf;/Users/alvintan/Zotero/storage/LZPS4I82/cdep.html}
}

@article{chaparro-morenoPreschoolClassroomLinguistic2019,
  title = {The Preschool Classroom Linguistic Environment: {{Children}}’s First-Person Experiences},
  shorttitle = {The Preschool Classroom Linguistic Environment},
  author = {Chaparro-Moreno, Leydi Johana and Justice, Laura M. and Logan, Jessica A. R. and Purtell, Kelly M. and Lin, Tzu-Jung},
  date = {2019-08-07},
  journaltitle = {PLOS ONE},
  shortjournal = {PLOS ONE},
  volume = {14},
  number = {8},
  pages = {e0220227},
  publisher = {{Public Library of Science}},
  issn = {1932-6203},
  doi = {10.1371/journal.pone.0220227},
  langid = {english},
  keywords = {Children,Human learning,Language,Language acquisition,Speech,Syntax,Teachers,Verbal communication},
  file = {/Users/alvintan/Zotero/storage/W46MVP7R/Chaparro-Moreno et al. - 2019 - The preschool classroom linguistic environment Ch.pdf}
}

@article{debarbaroTenLessonsInfants2022,
  title = {Ten {{Lessons About Infants}}’ {{Everyday Experiences}}},
  author = {de Barbaro, Kaya and Fausey, Caitlin M.},
  date = {2022-02-01},
  journaltitle = {Current Directions in Psychological Science},
  shortjournal = {Curr Dir Psychol Sci},
  volume = {31},
  number = {1},
  pages = {28--33},
  publisher = {{SAGE Publications Inc}},
  issn = {0963-7214},
  doi = {10.1177/09637214211059536},
  langid = {english},
  file = {/Users/alvintan/Zotero/storage/BSSE5FCT/de Barbaro and Fausey - 2022 - Ten Lessons About Infants’ Everyday Experiences.pdf}
}

@article{dickinsonPatternsTeacherChild2008,
  title = {Patterns of {{Teacher}}–{{Child Conversations}} in {{Head Start Classrooms}}: {{Implications}} for an {{Empirically Grounded Approach}} to {{Professional Development}}},
  shorttitle = {Patterns of {{Teacher}}–{{Child Conversations}} in {{Head Start Classrooms}}},
  author = {Dickinson, David K. and Darrow, Catherine L. and Tinubu, Titilayo A.},
  date = {2008-05-30},
  journaltitle = {Early Education and Development},
  volume = {19},
  number = {3},
  pages = {396--429},
  publisher = {{Routledge}},
  issn = {1040-9289},
  doi = {10.1080/10409280802065403},
  file = {/Users/alvintan/Zotero/storage/55DSRN2K/Dickinson et al. - 2008 - Patterns of Teacher–Child Conversations in Head St.pdf}
}

@article{duncanInvestingPreschoolPrograms2013,
  title = {Investing in {{Preschool Programs}}},
  author = {Duncan, Greg J. and Magnuson, Katherine},
  date = {2013-05},
  journaltitle = {Journal of Economic Perspectives},
  volume = {27},
  number = {2},
  pages = {109--132},
  issn = {0895-3309},
  doi = {10.1257/jep.27.2.109},
  langid = {english},
  keywords = {Education,Labor Productivity,Occupational Choice,{Public Pensions, Analysis of Education, Education: Government Policy, Human Capital},Skills,State and Local Government: Health,Welfare},
  file = {/Users/alvintan/Zotero/storage/UZ43DEBC/Duncan and Magnuson - 2013 - Investing in Preschool Programs.pdf}
}

@article{duncanPredictorsPreschoolLanguage2023,
  title = {Predictors of Preschool Language Environments and Their Relations to Children's Vocabulary},
  author = {Duncan, Robert J. and Anderson, Kirsten L. and King, Yemimah A. and Finders, Jennifer K. and Schmitt, Sara A. and Purpura, David J.},
  date = {2023},
  journaltitle = {Infant and Child Development},
  volume = {32},
  number = {1},
  pages = {e2381},
  issn = {1522-7219},
  doi = {10.1002/icd.2381},
  langid = {english},
  keywords = {early childhood education,language,LENA,preschool,vocabulary},
  file = {/Users/alvintan/Zotero/storage/ID62QU6B/Duncan et al. - 2023 - Predictors of preschool language environments and .pdf;/Users/alvintan/Zotero/storage/P5JEPL8K/icd.html}
}

@article{duncanPrekindergartenClassroomLanguage2020,
  title = {Prekindergarten Classroom Language Environments and Children’s Vocabulary Skills},
  author = {Duncan, Robert J. and King, Yemimah A. and Finders, Jennifer K. and Elicker, James and Schmitt, Sara A. and Purpura, David J.},
  date = {2020-06-01},
  journaltitle = {Journal of Experimental Child Psychology},
  shortjournal = {Journal of Experimental Child Psychology},
  volume = {194},
  pages = {104829},
  issn = {0022-0965},
  doi = {10.1016/j.jecp.2020.104829},
  keywords = {Adult words heard,Conversational turns,LENA,Prekindergarten language environments,Vocabulary,Word gap},
  file = {/Users/alvintan/Zotero/storage/95WRQF6L/S0022096519304850.html}
}

@article{engelmannPreschoolersAffectOthers2016,
  title = {Preschoolers Affect Others' Reputations through Prosocial Gossip},
  author = {Engelmann, Jan M. and Herrmann, Esther and Tomasello, Michael},
  date = {2016},
  journaltitle = {British Journal of Developmental Psychology},
  volume = {34},
  number = {3},
  pages = {447--460},
  issn = {2044-835X},
  doi = {10.1111/bjdp.12143},
  langid = {english},
  keywords = {cooperation,gossip,negativity bias,reputation},
  file = {/Users/alvintan/Zotero/storage/QK3S3D3F/Engelmann et al. - 2016 - Preschoolers affect others' reputations through pr.pdf}
}

@article{foursha-stevensonInfluenceChildDirectedSpeech2017,
  title = {The {{Influence}} of {{Child-Directed Speech}} on {{Word Learning}} and {{Comprehension}}},
  author = {Foursha-Stevenson, Cassandra and Schembri, Taylor and Nicoladis, Elena and Eriksen, Cody},
  date = {2017-04-01},
  journaltitle = {Journal of Psycholinguistic Research},
  shortjournal = {J Psycholinguist Res},
  volume = {46},
  number = {2},
  pages = {329--343},
  issn = {1573-6555},
  doi = {10.1007/s10936-016-9441-3},
  langid = {english},
  keywords = {Child-directed speech,Sentence comprehension,Word learning},
  file = {/Users/alvintan/Zotero/storage/U48TF6JK/Foursha-Stevenson et al. - 2017 - The Influence of Child-Directed Speech on Word Lea.pdf}
}

@online{gandhiDistilWhisperRobustKnowledge2023,
  title = {Distil-{{Whisper}}: {{Robust Knowledge Distillation}} via {{Large-Scale Pseudo Labelling}}},
  shorttitle = {Distil-{{Whisper}}},
  author = {Gandhi, Sanchit and von Platen, Patrick and Rush, Alexander M.},
  date = {2023-11-01},
  eprint = {2311.00430},
  eprinttype = {arxiv},
  eprintclass = {cs, eess},
  doi = {10.48550/arXiv.2311.00430},
  pubstate = {preprint},
  keywords = {Computer Science - Computation and Language,Computer Science - Sound,Electrical Engineering and Systems Science - Audio and Speech Processing},
  file = {/Users/alvintan/Zotero/storage/CZBKCB5Q/Gandhi et al. - 2023 - Distil-Whisper Robust Knowledge Distillation via .pdf;/Users/alvintan/Zotero/storage/7XDIRKLJ/2311.html}
}

@article{gilkersonMappingEarlyLanguage2017,
  title = {Mapping the {{Early Language Environment Using All-Day Recordings}} and {{Automated Analysis}}},
  author = {Gilkerson, Jill and Richards, Jeffrey A. and Warren, Steven F. and Montgomery, Judith K. and Greenwood, Charles R. and Kimbrough, Oller D. and Hansen, John H. L. and Paul, Terrance D.},
  date = {2017-05-17},
  journaltitle = {American Journal of Speech-Language Pathology},
  volume = {26},
  number = {2},
  pages = {248--265},
  publisher = {{American Speech-Language-Hearing Association}},
  doi = {10.1044/2016_AJSLP-15-0169},
  file = {/Users/alvintan/Zotero/storage/UW5J2NUP/Gilkerson et al. - 2017 - Mapping the Early Language Environment Using All-D.pdf}
}

@article{glasActivityTypesChilddirected2018,
  title = {Activity Types and Child-Directed Speech: A Comparison between {{French}}, {{Tunisian Arabic}} and {{English}}},
  shorttitle = {Activity Types and Child-Directed Speech},
  author = {Glas, Ludivine and Rossi, Caroline and Hamdi-Sultan, Rim and Batailler, Cédric and Bellemmouche, Hacene},
  date = {2018-12},
  journaltitle = {Canadian Journal of Linguistics/Revue canadienne de linguistique},
  volume = {63},
  number = {4},
  pages = {633--666},
  publisher = {{Cambridge University Press}},
  issn = {0008-4131, 1710-1115},
  doi = {10.1017/cnj.2018.20},
  langid = {english},
  keywords = {activity context,Child-directed speech,comparaison inter-langue,contexte de production,crosslinguistic comparison,enregistrements naturalistes,Langage adressé à l'enfant,longitudinal study,natural video recording,suivis longitudinaux},
  file = {/Users/alvintan/Zotero/storage/6ISJZHV9/Glas et al. - 2018 - Activity types and child-directed speech a compar.pdf}
}

@article{greenwoodAssessingChildrenHome2011,
  title = {Assessing {{Children}}’s {{Home Language Environments Using Automatic Speech Recognition Technology}}},
  author = {Greenwood, Charles R. and Thiemann-Bourque, Kathy and Walker, Dale and Buzhardt, Jay and Gilkerson, Jill},
  date = {2011-02-01},
  journaltitle = {Communication Disorders Quarterly},
  volume = {32},
  number = {2},
  pages = {83--92},
  publisher = {{SAGE Publications Inc}},
  issn = {1525-7401},
  doi = {10.1177/1525740110367826},
  langid = {english},
  file = {/Users/alvintan/Zotero/storage/VZ3X6YFH/Greenwood et al. - 2011 - Assessing Children’s Home Language Environments Us.pdf}
}

@article{gunningDescriptiveAnalysisPreschool2022,
  title = {Descriptive {{Analysis}} of {{Preschool Social Interactions}}},
  author = {Gunning, Ciara and Holloway, Jennifer},
  date = {2022-12-01},
  journaltitle = {Journal of Behavioral Education},
  shortjournal = {J Behav Educ},
  volume = {31},
  number = {4},
  pages = {796--822},
  issn = {1573-3513},
  doi = {10.1007/s10864-020-09424-z},
  langid = {english},
  keywords = {Behavior analysis,Descriptive analysis,Preschool,Social competence,Social skills},
  file = {/Users/alvintan/Zotero/storage/VFGVSQG8/Gunning and Holloway - 2022 - Descriptive Analysis of Preschool Social Interacti.pdf}
}

@article{huttenlocherSourcesVariabilityChildren2010,
  title = {Sources of {{Variability}} in {{Children}}’s {{Language Growth}}},
  author = {Huttenlocher, Janellen and Waterfall, Heidi and Vasilyeva, Marina and Vevea, Jack and Hedges, Larry V.},
  date = {2010-12},
  journaltitle = {Cognitive psychology},
  shortjournal = {Cogn Psychol},
  volume = {61},
  number = {4},
  eprint = {20832781},
  eprinttype = {pmid},
  pages = {343--365},
  issn = {0010-0285},
  doi = {10.1016/j.cogpsych.2010.08.002},
  pmcid = {PMC2981670},
  file = {/Users/alvintan/Zotero/storage/LEEJC68U/Huttenlocher et al. - 2010 - Sources of Variability in Children’s Language Grow.pdf}
}

@online{jainAdaptationWhisperModels2023,
  title = {Adaptation of {{Whisper}} Models to Child Speech Recognition},
  author = {Jain, Rishabh and Barcovschi, Andrei and Yiwere, Mariam and Corcoran, Peter and Cucu, Horia},
  date = {2023-07-24},
  eprint = {2307.13008},
  eprinttype = {arxiv},
  eprintclass = {cs, eess},
  url = {http://arxiv.org/abs/2307.13008},
  urldate = {2024-01-18},
  pubstate = {preprint},
  keywords = {Computer Science - Artificial Intelligence,Electrical Engineering and Systems Science - Audio and Speech Processing},
  file = {/Users/alvintan/Zotero/storage/3ZNUJYR9/Jain et al. - 2023 - Adaptation of Whisper models to child speech recog.pdf;/Users/alvintan/Zotero/storage/ABNSMAIC/2307.html}
}

@article{justiceLinguisticEnvironmentPreschool2018,
  title = {Linguistic Environment of Preschool Classrooms: {{What}} Dimensions Support Children’s Language Growth?},
  shorttitle = {Linguistic Environment of Preschool Classrooms},
  author = {Justice, Laura M. and Jiang, Hui and Strasser, Katherine},
  date = {2018-01-01},
  journaltitle = {Early Childhood Research Quarterly},
  shortjournal = {Early Childhood Research Quarterly},
  volume = {42},
  pages = {79--92},
  issn = {0885-2006},
  doi = {10.1016/j.ecresq.2017.09.003},
  keywords = {Classroom quality,Oral language,Preschool,Vocabulary growth},
  file = {/Users/alvintan/Zotero/storage/9JIF3YES/S0885200616301788.html}
}

@online{longBabyViewCameraDesigning2022,
  title = {The {{BabyView Camera}}: {{Designing}} a {{New Head-mounted Camera}} to {{Capture Children}}’s {{Early Social}} and {{Visual Environment}}},
  shorttitle = {The {{BabyView Camera}}},
  author = {Long, Bria and Goodin, Sarah and Kachergis, George and Marchman, Virginia A. and Radwan, Samaher and Sparks, Robert Z. and Xiang, Violet and Zhuang, Chengxu and Hsu, Oliver and Newman, Brett and Yamins, Daniel L. K. and Frank, Michael C.},
  date = {2022-11-02T17:42:17},
  doi = {10.31234/osf.io/238jk},
  langid = {american},
  pubstate = {preprint},
  keywords = {Developmental Psychology,Early learning environemnts,Egocentric vision,Head-mounted cameras,Language Aquisition,Perceptual Development,Social and Behavioral Sciences,Visual development},
  file = {/Users/alvintan/Zotero/storage/R7UTW769/Long et al. - 2022 - The BabyView Camera Designing a New Head-mounted .pdf}
}

@article{perryYearWordsDynamics2018,
  title = {A Year in Words: {{The}} Dynamics and Consequences of Language Experiences in an Intervention Classroom},
  shorttitle = {A Year in Words},
  author = {Perry, Lynn K. and Prince, Emily B. and Valtierra, Adriana M. and Rivero-Fernandez, Camila and Ullery, Mary Anne and Katz, Lynne F. and Laursen, Brett and Messinger, Daniel S.},
  date = {2018-07-06},
  journaltitle = {PLOS ONE},
  shortjournal = {PLOS ONE},
  volume = {13},
  number = {7},
  pages = {e0199893},
  publisher = {{Public Library of Science}},
  issn = {1932-6203},
  doi = {10.1371/journal.pone.0199893},
  langid = {english},
  keywords = {Children,Human learning,Language,Schools,Teachers,Verbal communication,Vocabulary,Vocalization},
  file = {/Users/alvintan/Zotero/storage/GVACZVKS/Perry et al. - 2018 - A year in words The dynamics and consequences of .pdf}
}

@online{radfordRobustSpeechRecognition2022,
  title = {Robust {{Speech Recognition}} via {{Large-Scale Weak Supervision}}},
  author = {Radford, Alec and Kim, Jong Wook and Xu, Tao and Brockman, Greg and McLeavey, Christine and Sutskever, Ilya},
  date = {2022-12-06},
  eprint = {2212.04356},
  eprinttype = {arxiv},
  eprintclass = {cs, eess},
  doi = {10.48550/arXiv.2212.04356},
  pubstate = {preprint},
  keywords = {Computer Science - Computation and Language,Computer Science - Machine Learning,Computer Science - Sound,Electrical Engineering and Systems Science - Audio and Speech Processing},
  file = {/Users/alvintan/Zotero/storage/32MTEU6P/Radford et al. - 2022 - Robust Speech Recognition via Large-Scale Weak Sup.pdf;/Users/alvintan/Zotero/storage/M8HEFNPQ/2212.html}
}

@article{raikesGlobalTrackingAccess2023,
  title = {Global Tracking of Access and Quality in Early Childhood Care and Education},
  author = {Raikes, Abbie and Rao, Nirmala and Yoshikawa, Hirokazu and Cohrssen, Caroline and Behrman, Jere and Cappa, Claudia and Devercelli, Amanda and Lopez Boo, Florencia and McCoy, Dana and Richter, Linda and others},
  date = {2023-05-02},
  journaltitle = {International Journal of Child Care and Education Policy},
  shortjournal = {ICEP},
  volume = {17},
  number = {1},
  pages = {14},
  issn = {2288-6729},
  doi = {10.1186/s40723-023-00116-5},
  langid = {english},
  keywords = {Definition,Early childhood care and education,National-level monitoring and measurement,Preprimary education,SDG Target 4.2},
  file = {/Users/alvintan/Zotero/storage/J8XE3EG5/Raikes et al. - 2023 - Global tracking of access and quality in early chi.pdf}
}

@article{readPieFryWhy2018,
  title = {Pie, Fry, Why: {{Language}} Play in 3- to 5-Year-Old Children},
  shorttitle = {Pie, Fry, Why},
  author = {Read, Kirsten and James, Sarah and Weaver, Andrew},
  date = {2018-06-01},
  journaltitle = {Journal of Early Childhood Research},
  volume = {16},
  number = {2},
  pages = {121--135},
  publisher = {{SAGE Publications}},
  issn = {1476-718X},
  doi = {10.1177/1476718X16664556},
  langid = {english},
  file = {/Users/alvintan/Zotero/storage/LT2EZKYQ/Read et al. - 2018 - Pie, fry, why Language play in 3- to 5-year-old c.pdf}
}

@article{royPredictingBirthSpoken2015,
  title = {Predicting the Birth of a Spoken Word},
  author = {Roy, Brandon C. and Frank, Michael C. and DeCamp, Philip and Miller, Matthew and Roy, Deb},
  date = {2015-10-13},
  journaltitle = {Proceedings of the National Academy of Sciences},
  volume = {112},
  number = {41},
  pages = {12663--12668},
  publisher = {{Proceedings of the National Academy of Sciences}},
  doi = {10.1073/pnas.1419773112},
  file = {/Users/alvintan/Zotero/storage/8GSVLIK8/Roy et al. - 2015 - Predicting the birth of a spoken word.pdf}
}

@article{sawyerVariationsClassroomLanguage2018,
  title = {Variations in {{Classroom Language Environments}} of {{Preschool Children Who Are Low Income}} and {{Linguistically Diverse}}},
  author = {Sawyer, Brook and Atkins-Burnett, Sally and Sandilos, Lia and Scheffner Hammer, Carol and Lopez, Lisa and Blair, Clancy},
  date = {2018-04-03},
  journaltitle = {Early Education and Development},
  volume = {29},
  number = {3},
  eprint = {31031552},
  eprinttype = {pmid},
  pages = {398--416},
  publisher = {{Routledge}},
  issn = {1040-9289},
  doi = {10.1080/10409289.2017.1408373},
  file = {/Users/alvintan/Zotero/storage/BHKQR92A/Sawyer et al. - 2018 - Variations in Classroom Language Environments of P.pdf}
}

@article{schwabLanguageLearningSocioeconomic2016,
  title = {Language Learning, Socioeconomic Status, and Child-Directed Speech},
  author = {Schwab, Jessica F. and Lew-Williams, Casey},
  date = {2016},
  journaltitle = {WIREs Cognitive Science},
  volume = {7},
  number = {4},
  pages = {264--275},
  issn = {1939-5086},
  doi = {10.1002/wcs.1393},
  langid = {english},
  file = {/Users/alvintan/Zotero/storage/DHELESV2/Schwab and Lew-Williams - 2016 - Language learning, socioeconomic status, and child.pdf}
}

@article{sullivanSAYCamLargeLongitudinal2021,
  title = {{{SAYCam}}: {{A Large}}, {{Longitudinal Audiovisual Dataset Recorded From}} the {{Infant}}’s {{Perspective}}},
  shorttitle = {{{SAYCam}}},
  author = {Sullivan, Jessica and Mei, Michelle and Perfors, Andrew and Wojcik, Erica and Frank, Michael C.},
  date = {2021-05-26},
  journaltitle = {Open Mind: Discoveries in Cognitive Science},
  shortjournal = {Open Mind (Camb)},
  volume = {5},
  eprint = {34485795},
  eprinttype = {pmid},
  pages = {20--29},
  issn = {2470-2986},
  doi = {10.1162/opmi_a_00039},
  pmcid = {PMC8412186},
  file = {/Users/alvintan/Zotero/storage/S2WJU6IS/Sullivan et al. - 2021 - SAYCam A Large, Longitudinal Audiovisual Dataset .pdf}
}

@article{tamis-lemondaRoutineLanguageSpeech2019,
  title = {Routine {{Language}}: {{Speech Directed}} to {{Infants During Home Activities}}},
  shorttitle = {Routine {{Language}}},
  author = {Tamis-LeMonda, Catherine S. and Custode, Stephanie and Kuchirko, Yana and Escobar, Kelly and Lo, Tiffany},
  date = {2019},
  journaltitle = {Child Development},
  volume = {90},
  number = {6},
  pages = {2135--2152},
  issn = {1467-8624},
  doi = {10.1111/cdev.13089},
  langid = {english},
  file = {/Users/alvintan/Zotero/storage/CZUD5VRX/Tamis-LeMonda et al. - 2019 - Routine Language Speech Directed to Infants Durin.pdf}
}

@article{vandamHomeBankOnlineRepository2016,
  title = {{{HomeBank}}: {{An Online Repository}} of {{Daylong Child-Centered Audio Recordings}}},
  shorttitle = {{{HomeBank}}},
  author = {VanDam, Mark and Warlaumont, Anne S. and Bergelson, Elika and Cristia, Alejandrina and Soderstrom, Melanie and Palma, Paul De and MacWhinney, Brian},
  date = {2016-05},
  journaltitle = {Seminars in Speech and Language},
  shortjournal = {Semin Speech Lang},
  volume = {37},
  number = {2},
  pages = {128--142},
  publisher = {{Thieme Medical Publishers}},
  issn = {0734-0478, 1098-9056},
  doi = {10.1055/s-0036-1580745},
  langid = {english},
  keywords = {automatic speech recognition,child language,Databases,language acquisition,speech production},
  file = {/Users/alvintan/Zotero/storage/FPBEYDSF/VanDam et al. - 2016 - HomeBank An Online Repository of Daylong Child-Ce.pdf}
}
@thesis{mccarthyAssessmentRangeUsefulness2005,
  type = {phdthesis},
  title = {An Assessment of the Range and Usefulness of Lexical Diversity Measures and the Potential of the Measure of Textual, Lexical Diversity ({{MTLD}})},
  author = {McCarthy, Philip M.},
  date = {2005},
  institution = {{The University of Memphis}},
  location = {{TN, USA}},
  url = {https://www.proquest.com/docview/305349212/abstract/AB75BC58B2FF43BEPQ/1},
  urldate = {2022-12-16},
  isbn = {9780542460111},
  langid = {english},
  pagetotal = {182},
  keywords = {Language,lexical diversity,Lexical diversity,literature and linguistics,Measure of textual,Psychology,Type-token ratio},
  file = {/Users/alvintan/Zotero/storage/EVBK3AN3/McCarthy - An assessment of the range and usefulness of lexic.pdf}
}


@article{mccarthyMTLDVocdDHDD2010,
  title = {{{MTLD}}, Vocd-{{D}}, and {{HD-D}}: {{A}} Validation Study of Sophisticated Approaches to Lexical Diversity Assessment},
  shorttitle = {{{MTLD}}, Vocd-{{D}}, and {{HD-D}}},
  author = {McCarthy, Philip M. and Jarvis, Scott},
  date = {2010-05-01},
  journaltitle = {Behavior Research Methods},
  shortjournal = {Behavior Research Methods},
  volume = {42},
  number = {2},
  pages = {381--392},
  issn = {1554-3528},
  doi = {10.3758/BRM.42.2.381},
  langid = {english},
  keywords = {Divergent Validity,Factor Size,Hypergeometric Distribution,Latent Semantic Analysis,Specific Language Impairment},
  file = {/Users/alvintan/Zotero/storage/NARBQURC/McCarthy and Jarvis - 2010 - MTLD, vocd-D, and HD-D A validation study of soph.pdf}
}

@article{dawsonFeaturesLexicalRichness2021,
  title = {Features of Lexical Richness in Children’s Books: {{Comparisons}} with Child-Directed Speech},
  shorttitle = {Features of Lexical Richness in Children’s Books},
  author = {Dawson, Nicola and Hsiao, Yaling and Tan, Alvin Wei Ming and Banerji, Nilanjana and Nation, Kate},
  date = {2021},
  journaltitle = {Language Development Research},
  volume = {1},
  number = {1},
  publisher = {{Carnegie Mellon University Library Publishing Service}},
  doi = {10.34842/5WE1-YK94},
  langid = {english},
  file = {/Users/alvintan/Zotero/storage/KJUNC2NT/Dawson et al. - 2021 - Features of lexical richness in children’s books .pdf}
}

@inproceedings{hlavacovaNewApproachFrequency2006,
  title = {New {{Approach}} to {{Frequency Dictionaries}} - {{Czech Example}}},
  booktitle = {Proceedings of the {{Fifth International Conference}} on {{Language Resources}} and {{Evaluation}} ({{LREC}}'06)},
  author = {Hlaváčová, Jaroslava},
  editor = {Calzolari, Nicoletta and Choukri, Khalid and Gangemi, Aldo and Maegaard, Bente and Mariani, Joseph and Odijk, Jan and Tapias, Daniel},
  date = {2006-05},
  publisher = {{European Language Resources Association (ELRA)}},
  location = {{Genoa, Italy}},
  url = {http://www.lrec-conf.org/proceedings/lrec2006/pdf/11_pdf.pdf},
  urldate = {2024-01-24},
  eventtitle = {{{LREC}} 2006},
  file = {/Users/alvintan/Zotero/storage/D77Z94G7/Hlaváčová - 2006 - New Approach to Frequency Dictionaries - Czech Exa.pdf}
}

@inproceedings{kilgarriffSimpleMathsKeywords2009,
  title = {Simple Maths for Keywords},
  booktitle = {Proceedings of {{Corpus Linguistics Conference CL2009}}},
  author = {Kilgarriff, Adam},
  editor = {Mahlberg, M. and González-Diáz, V. and Smith, C.},
  date = {2009},
  langid = {english},
  file = {/Users/alvintan/Zotero/storage/Y43ZY36J/Kilgarriff - Simple maths for keywords.pdf}
}

@article{geanguEgoActiveIntegratedWireless2023,
  title = {{{EgoActive}}: {{Integrated Wireless Wearable Sensors}} for {{Capturing Infant Egocentric Auditory-Visual Statistics}} and {{Autonomic Nervous System Function}} 'in the {{Wild}}'},
  shorttitle = {{{EgoActive}}},
  author = {Geangu, Elena and Smith, William A. P. and Mason, Harry T. and Martinez-Cedillo, Astrid Priscilla and Hunter, David and Knight, Marina I. and Liang, Haipeng and Del Carmen Garcia de Soria Bazan, Maria and Tse, Zion Tsz Ho and Rowland, Thomas and Corpuz, Dom and Hunter, Josh and Singh, Nishant and Vuong, Quoc C. and Abdelgayed, Mona Ragab Sayed and Mullineaux, David R. and Smith, Stephen and Muller, Bruce R.},
  date = {2023-09-16},
  journaltitle = {Sensors (Basel, Switzerland)},
  shortjournal = {Sensors (Basel)},
  volume = {23},
  number = {18},
  eprint = {37765987},
  eprinttype = {pmid},
  pages = {7930},
  issn = {1424-8220},
  doi = {10.3390/s23187930},
  langid = {english},
  pmcid = {PMC10534696},
  keywords = {body movement,child,ECG,egocentric view,head-mounted camera,infant,multimodal measures,naturalistic research methods,real-world big data,wearable sensors},
  file = {/Users/alvintan/Zotero/storage/DR59QIFH/Geangu et al. - 2023 - EgoActive Integrated Wireless Wearable Sensors fo.pdf}
}

@article{huttenlocherLanguageInputChild2002,
  title = {Language Input and Child Syntax},
  author = {Huttenlocher, Janellen and Vasilyeva, Marina and Cymerman, Elina and Levine, Susan},
  date = {2002-11-01},
  journaltitle = {Cognitive Psychology},
  shortjournal = {Cognitive Psychology},
  volume = {45},
  number = {3},
  pages = {337--374},
  issn = {0010-0285},
  doi = {10.1016/S0010-0285(02)00500-5},
  file = {/Users/alvintan/Zotero/storage/2RT3SMFA/S0010028502005005.html}
}
@article{aslinHowInfantsView2009,
  title = {How {{Infants View Natural Scenes Gathered From}} a {{Head-Mounted Camera}}},
  author = {Aslin, Richard N.},
  date = {2009-06},
  journaltitle = {Optometry and Vision Science},
  volume = {86},
  number = {6},
  pages = {561},
  issn = {1538-9235},
  doi = {10.1097/OPX.0b013e3181a76e96},
  langid = {american},
  file = {/Users/alvintan/Zotero/storage/PWSE4LWH/Aslin - 2009 - How Infants View Natural Scenes Gathered From a He.pdf;/Users/alvintan/Zotero/storage/T2C4QSLL/how_infants_view_natural_scenes_gathered_from_a.5.html}
}

@article{smithContributionsHeadMountedCameras2015,
  title = {Contributions of {{Head-Mounted Cameras}} to {{Studying}} the {{Visual Environments}} of {{Infants}} and {{Young Children}}},
  author = {Smith, Linda B. and Yu, Chen and Yoshida, Hanako and Fausey, Caitlin M.},
  date = {2015-05-27},
  journaltitle = {Journal of Cognition and Development},
  volume = {16},
  number = {3},
  eprint = {26257584},
  eprinttype = {pmid},
  pages = {407--419},
  publisher = {{Routledge}},
  issn = {1524-8372},
  doi = {10.1080/15248372.2014.933430},
  file = {/Users/alvintan/Zotero/storage/NKFMUIVM/Smith et al. - 2015 - Contributions of Head-Mounted Cameras to Studying .pdf}
}

@article{frank2017wordbank,
  title={Wordbank: An open repository for developmental vocabulary data},
  author={Frank, Michael C and Braginsky, Mika and Yurovsky, Daniel and Marchman, Virginia A},
  journal={Journal of child language},
  volume={44},
  number={3},
  pages={677--694},
  year={2017},
  publisher={Cambridge University Press}
}

@article{hoff1991mother,
  title={Mother-child conversation in different social classes and communicative settings},
  author={Hoff-Ginsberg, Erika},
  journal={Child development},
  volume={62},
  number={4},
  pages={782--796},
  year={1991},
  publisher={Wiley Online Library}
}
